@inproceedings{shavit1995software,
  title={Software transactional memory},
  author={Shavit, Nir and Touitou, Dan},
  booktitle={Proceedings of the fourteenth annual ACM symposium on Principles of distributed computing},
  pages={204--213},
  year={1995},
  organization={ACM}
}

@inproceedings{lomet1977process,
  title={Process structuring, synchronization, and recovery using atomic actions},
  author={Lomet, David Bruce},
  booktitle={ACM Sigplan Notices},
  volume={12},
  number={3},
  pages={128--137},
  year={1977},
  organization={ACM}
}

@book{elmasri06db,
  added-at = {2008-08-16T19:18:33.000+0200},
  author = {Elmasri, Ramez and Navathe, Shamkant B.},
  biburl = {http://www.bibsonomy.org/bibtex/24a6c7fa56ddd3c5cef0d047a1b44b129/msn},
  citeulike-article-id = {593468},
  howpublished = {Hardcover},
  interhash = {57b337d0f9fe93884df83118502c256a},
  intrahash = {4a6c7fa56ddd3c5cef0d047a1b44b129},
  isbn = {0321369572},
  keywords = {cites.goarch cites.gradu cites.luk research.db},
  month = {March},
  priority = {2},
  publisher = {{Addison Wesley}},
  timestamp = {2008-08-16T19:18:33.000+0200},
  title = {Fundamentals of Database Systems (5th Edition)},
  year = 2006
}

@article{harris2010transactional,
  title={Transactional memory},
  author={Harris, Tim and Larus, James and Rajwar, Ravi},
  journal={Synthesis Lectures on Computer Architecture},
  volume={5},
  number={1},
  pages={1--263},
  year={2010},
  publisher={Morgan \& Claypool Publishers}
}

@inproceedings{harris2005composable,
  title={Composable memory transactions},
  author={Harris, Tim and Marlow, Simon and Peyton-Jones, Simon and Herlihy, Maurice},
  booktitle={Proceedings of the tenth ACM SIGPLAN symposium on Principles and practice of parallel programming},
  pages={48--60},
  year={2005},
  organization={ACM}
}

@book{silberschatz1997database,
  title={Database system concepts},
  author={Silberschatz, Abraham and Korth, Henry F and Sudarshan, S},
  volume={4},
  year={1997},
  publisher={McGraw-Hill Hightstown}
}

@article{helinefficiency,
  title={Efficiency of Software Transactional Memory},
  author={Helin, Erik and Rodrick, Henry},
  year={2010}
}

@incollection{spear2006conflict,
  title={Conflict detection and validation strategies for software transactional memory},
  author={Spear, Michael F and Marathe, Virendra J and Scherer III, William N and Scott, Michael L},
  booktitle={Distributed Computing},
  pages={179--193},
  year={2006},
  publisher={Springer}
}

@inproceedings{herzeel2009reusable,
  title={Reusable building blocks for software transactional memory},
  author={Herzeel, Charlotte and Costanza, Pascal and D'Hondt, Theo},
  booktitle={Proceedings of the 2nd European Lisp Symposium, Milan},
  year={2009}
}

@article{jones2007beautiful,
  title={Beautiful concurrency},
  author={Jones, Simon Peyton},
  journal={Beautiful Code: Leading Programmers Explain How They Think (Theory in Practice (O’Reilly)). O’Reilly Media, Inc},
  pages={385--406},
  year={2007}
}

@online{hickey2010clojurerationale,
  title={Clojure Rationale},
  author={Hickey, Rich},
  year={2010},
  url = {http://clojure.org/rationale}
}

@online{volkmann2009stm,
  title={Software Transactional Memory},
  author={Volkmann, Mark},
  year={2009},
  url = {http://java.ociweb.com/mark/stm/article.html}
}

@online{hickey2010clojurerefs,
  title={Clojure Refs},
  author={Hickey, Rich},
  year={2010},
  url = {http://clojure.org/refs}
}

@online{swinnerton2012clojure,
  title={Clojure STM - What? Why? How?},
  author={Swinnerton, Neale},
  year={2012},
  url = {http://sw1nn.com/blog/2012/04/11/clojure-stm-what-why-how/}
}

@online{wiki2013snapshot,
  title={Snapshot isolation},
  author={Wikipedia},  
  year={2013},
  url={http://en.wikipedia.org/w/index.php?title=Snapshot_isolation&oldid=533821759"},
 }

 @book{o2008real,
  title={Real World Haskell},
  author={O'Sullivan, Bryan and Goerzen, John and Stewart, Donald Bruce},
  year={2008},
  publisher={O'Reilly Media}
}

@article{jones2007practical,
  title={Practical type inference for arbitrary-rank types},
  author={Jones, Simon Peyton and Vytiniotis, Dimitrios and Weirich, Stephanie and Shields, Mark},
  journal={Journal of Functional Programming},
  volume={17},
  number={1},
  pages={1},
  year={2007},
  publisher={Cambridge Univ Press}
}

@inproceedings{marlow2009runtime,
  title={Runtime support for multicore Haskell},
  author={Marlow, Simon and Peyton Jones, Simon and Singh, Satnam},
  booktitle={ACM Sigplan Notices},
  volume={44},
  number={9},
  pages={65--78},
  year={2009},
  organization={ACM}
}

@inproceedings{pankratius2011study,
  title={A study of transactional memory vs. locks in practice},
  author={Pankratius, Victor and Adl-Tabatabai, Ali-Reza},
  booktitle={Proceedings of the 23rd ACM symposium on Parallelism in algorithms and architectures},
  pages={43--52},
  year={2011},
  organization={ACM}
}

@book{baeza1999modern,
  title={Modern information retrieval},
  author={Baeza-Yates, Ricardo and Ribeiro-Neto, Berthier and others},
  volume={463},
  year={1999},
  publisher={ACM press New York}
}

@book{buttcher2010information,
  title={Information retrieval: Implementing and evaluating search engines},
  author={B{\"u}ttcher, Stefan and Clarke, Charles and Cormack, Gordon V},
  year={2010},
  publisher={The MIT Press}
}
